<collection xmlns="http://www.loc.gov/MARC21/slim">
<record>
  <leader>01403nam0a22002291i 450 </leader>
  <controlfield tag="001">IT\ICCU\CNCE\065580</controlfield>
  <controlfield tag="005">20060821000000.0</controlfield>
  <datafield tag="012" ind1=" " ind2=" ">
    <subfield code="a">i.ui tela seco sela (C) 1542 (R)</subfield>
    <subfield code="2">fei</subfield>
  </datafield>
  <datafield tag="100" ind1=" " ind2=" ">
    <subfield code="a">20060726d1542        0itac0103    ba</subfield>
  </datafield>
  <datafield tag="101" ind1=" " ind2=" ">
    <subfield code="a">ITA</subfield>
  </datafield>
  <datafield tag="102" ind1=" " ind2=" ">
    <subfield code="a">IT</subfield>
  </datafield>
  <datafield tag="200" ind1="1" ind2=" ">
    <subfield code="a">Capitoli et Constitutioni della Confraternita et deuota Compagnia di Bianchi nominata ordinata et composti con la gratia et fauore del Signore ... sotto il titulo del santo Crucifisso della felice citt ̉di Palermo</subfield>
  </datafield>
  <datafield tag="210" ind1=" " ind2=" ">
    <subfield code="d">1542</subfield>
  </datafield>
  <datafield tag="215" ind1=" " ind2=" ">
    <subfield code="a">\52 ! c.</subfield>
    <subfield code="c">ill</subfield>
    <subfield code="d">4</subfield>
  </datafield>
  <datafield tag="300" ind1=" " ind2=" ">
    <subfield code="a">Rif.: EVOLA, 48; BEGA; I, 36; BEPA, 97. -  In fine: Espediti nella felice citt ̉di Palermo a quindeci del mese di gennaro del anno MDXXXXII. -  Secondo F. Evola, Storia tipografico-letteraria, Palermo, 1878 l&apos;ediz. potrebbe attribuirsi a G.M. Mayda di Palermo. -  Segn.: A-Ńþ. -  Rom. -  Iniz. xilogr. e istoriate</subfield>
  </datafield>
  <datafield tag="620" ind1=" " ind2=" ">
    <subfield code="a">IT</subfield>
    <subfield code="d">Palermo</subfield>
  </datafield>
  <datafield tag="710" ind1="0" ind2="2">
    <subfield code="a">Confraternita dei Bianchi del Crocifisso</subfield>
    <subfield code="c"> &lt;Palermo&gt;</subfield>
    <subfield code="3">IT\ICCU\CNCT\003847</subfield>
  </datafield>
  <datafield tag="712" ind1="0" ind2="2">
    <subfield code="a">s.n.</subfield>
    <subfield code="3">IT\ICCU\CNCT\000002</subfield>
    <subfield code="4">650</subfield>
  </datafield>
  <datafield tag="791" ind1="0" ind2="2">
    <subfield code="a">Confraternita dei Bianchi</subfield>
    <subfield code="c"> &lt;Palermo&gt;</subfield>
    <subfield code="3">IT\ICCU\CNCT\003848</subfield>
    <subfield code="z">Confraternita dei Bianchi del Crocifisso &lt;Palermo&gt;</subfield>
  </datafield>
  <datafield tag="791" ind1="0" ind2="2">
    <subfield code="a">Compagnia del Crocifisso</subfield>
    <subfield code="c"> &lt;Palermo&gt;</subfield>
    <subfield code="3">IT\ICCU\CNCT\003850</subfield>
    <subfield code="z">Confraternita dei Bianchi del Crocifisso &lt;Palermo&gt;</subfield>
  </datafield>
  <datafield tag="801" ind1=" " ind2="3">
    <subfield code="a">IT</subfield>
    <subfield code="b">ICCU</subfield>
    <subfield code="c">20201115</subfield>
  </datafield>
  <datafield tag="899" ind1=" " ind2=" ">
    <subfield code="a">Biblioteca centrale della Regione siciliana Alberto Bombace. Palermo</subfield>
    <subfield code="1">PA0064</subfield>
    <subfield code="2">PAL BP</subfield>
  </datafield>
</record>
</collection>
